@article{campolina,
  title     = {Fluid dynamics on logarithmic lattices},
  volume    = {34},
  issn      = {1361-6544},
  doi       = {10.1088/1361-6544/abef73},
  number    = {7},
  journal   = {Nonlinearity},
  publisher = {IOP Publishing},
  author    = {Campolina, Ciro S and Mailybaev, Alexei A},
  year      = {2021},
  month     = jun,
  pages     = {4684-4715},
  keywords  = {campolina}
}

@article{atomsphere,
  author  = {Pikeroen, Quentin and Barral, Amaury and Costa, Guillaume and Dubrulle, Berengere},
  year    = {2023},
  month   = {11},
  pages   = {1690},
  title   = {Log-Lattices for Atmospheric Flows},
  volume  = {14},
  journal = {Atmosphere},
  doi     = {10.3390/atmos14111690}
}

@online{wikimedia_commons,
  author = {{Wikimedia Commons}},
  title  = {Low pressure system over Iceland},
  url    = {https://commons.wikimedia.org/wiki/File:Low_pressure_system_over_Iceland.jpg},
  note   = {Accessed: 2024-03-24}
}

@online{tree,
  author = {{Wallpaperaccess}},
  title  = {Mountain Forest},
  url    = {https://wallpaperaccess.com/mountain-forest},
  note   = {Accessed: 2024-03-31}
}

